<?xml version="1.0" encoding="UTF-8"?><collection xmlns="http://www.loc.gov/MARC21/slim"><record><leader>00436nam--2200145-i-4500</leader><controlfield tag="001">000003285</controlfield><controlfield tag="002">20161230</controlfield><controlfield tag="005">20161230201025</controlfield><controlfield tag="008">060222s1000------------r-----000-0-eng-d</controlfield><datafield ind1=" " ind2=" " tag="100"><subfield code="a">Carslaw, H.S</subfield></datafield><datafield ind1=" " ind2=" " tag="245"><subfield code="a">Introduction to the theory of fourier series and integrals. 3-rd edition, revised and enlarged</subfield></datafield><datafield ind1=" " ind2=" " tag="260"><subfield code="a">New York, Dover Publications, 1930</subfield></datafield><datafield ind1=" " ind2=" " tag="490"><subfield code="a">Xiii + 368 P</subfield></datafield><datafield ind1=" " ind2=" " tag="852"><subfield code="a">12911</subfield><subfield code="c">517.5</subfield></datafield><datafield ind1=" " ind2=" " tag="CAT"><subfield code="a">Sys</subfield><subfield code="c">20080729</subfield><subfield code="h">131552</subfield></datafield></record></collection>